<record><leader>00000cas a22000007a 4500</leader><controlfield tag="001">20387114</controlfield><controlfield tag="008">890925d19071917mouwr ne      0    0eng d</controlfield><datafield ind1=" " ind2=" " tag="010"><subfield code="a">sn 89067278 </subfield></datafield><datafield ind1=" " ind2=" " tag="040"><subfield code="a">MQN</subfield><subfield code="b">eng</subfield><subfield code="c">MQN</subfield><subfield code="d">OCLCQ</subfield></datafield><datafield ind1=" " ind2=" " tag="042"><subfield code="a">msc</subfield></datafield><datafield ind1="0" ind2=" " tag="130"><subfield code="a">Weekly intelligencer (Mexico, Mo. : 1907)</subfield></datafield><datafield ind1="1" ind2="4" tag="245"><subfield code="a">The weekly intelligencer.</subfield></datafield><datafield ind1=" " ind2=" " tag="260"><subfield code="a">Mexico, Mo. :</subfield><subfield code="b">Cecil M. Baskett,</subfield><subfield code="c">1907-1917.</subfield></datafield><datafield ind1=" " ind2=" " tag="300"><subfield code="a">v.</subfield></datafield><datafield ind1=" " ind2=" " tag="310"><subfield code="a">Weekly</subfield></datafield><datafield ind1="0" ind2=" " tag="362"><subfield code="a">Vol. 68, no. 40 (Feb. 21, 1907)-66th year, no. 5 (Oct. 4, 1917).</subfield></datafield><datafield ind1=" " ind2=" " tag="515"><subfield code="a">Numbering is irregular.</subfield></datafield><datafield ind1=" " ind2=" " tag="752"><subfield code="a">United States</subfield><subfield code="b">Missouri</subfield><subfield code="c">Audrain</subfield><subfield code="d">Mexico.</subfield></datafield><datafield ind1="0" ind2=" " tag="775"><subfield code="t">Daily intelligencer (Mexico, Mo. : 1897)</subfield><subfield code="w">(DLC)sn 89067282</subfield></datafield><datafield ind1="0" ind2="0" tag="780"><subfield code="t">Intelligencer (Mexico, Mo. : Weekly : 1893)</subfield><subfield code="w">(DLC)sn 89067277</subfield></datafield><datafield ind1="0" ind2="0" tag="785"><subfield code="t">Intelligencer (Mexico, Mo. : Weekly ed. : 1917)</subfield><subfield code="w">(DLC)sn 89067279</subfield></datafield></record>